%bibliografias no formato bibtex

@Article{REVISTA_MULTIDISCIPLINAR_DA_UNIESP,
  author = 	 {Danilo FILITTO},
  title = 	 {Algoritimos Genéticos: Uma visão Explanatória},
  year = 	 {2008},
  number = 	 {06},
  journal = {Saber Acadêmico},
  pages =	 {136--143}
}

@Misc{intro_aos_algoritimos_geneticos,
  howpublished = {\url{http://www.leca.ufrn.br/~estefane/metaheuristicas/ag.pdf}},
  note = {Acessado em 1 de Agosto},
  title = {Introdução aos Algritmos Genéticos},
  author = {Estéfane G. M. de Lacerda and Andé Carlos P. L. F. de Carvalho},
  year = {2015}
} 

@Misc{oracle,
  howpublished = {\url{https://www.java.com/pt_BR/download/whatis_java.jsp}},
  note = {Acessado em 12 de Fevereiro},
  title = {O que é Java?},
  author = {Oracle},
  year = {2015}
} 


%bibliografias no formato bibtex

@Book{faria_java_ee_7_jsf_primefaces_cdi,
	title = {\textbf{Java EE 7 com JSF, PrimeFaces e CDI}},
	author = {Thiago Faria},
	year = {2013}
}

@Misc{oracle_javaserver_faces_technology_overview,
	howpublished = {\url{http://www.oracle.com/technetwork/java/javaee/overview-140548.html}},
	note = {Acesso em 15 de janeiro de 2015},
	title = {JavaServer Faces Technology Overview},
	author = {Oracle},
	year = {2015}
}

@Misc{juneau_primefaces_enterprise,
	howpublished = {\url{http://www.oracle.com/technetwork/articles/java/java-primefaces-2191907.html}},
	note = {Acesso em: 15 de janeiro de 2015},
	title = {Primefaces in the Enterprise},
	author = {Josh Juneau},
	year = {2014}
}


@Book{bergsten_javaserver_faces,
	title = {\textbf{Javaserver Faces}},
	author = {Hans Bergsten},
	year = {2004}
}

@Book{gamma_helm_johnson_vlissides_design_patterns_elements_reusable_object_oriented_software,
	title = {\textbf{Design Patterns: Elements of Reusable Object-Oriented Software}},
	author = {Erich Gamma and Richard Helm and Ralph Johnson and John Vlissides and [et. al.]},
	year = {2009}
}

@article{ross_borsoi_uso_primefaces,
	title={\textbf{Uso de Primefaces no desenvolvimento de aplicações ricas para web}},
	author={Cleverson Leocir Ross and Beatriz Terezinha Borsoi},
	coverage = {; Paraná},
	year={2012}
}

@Misc{ref_reuniao,
  howpublished = {\url{http://www.administradores.com.br/artigos/negocios/aprenda-algumas-tecnicas-de-reuniao/62516/}},
  note = {Acessado em 04 de abril},
  title = {Aprenda algumas técnicas de reunião},
  author = {Ladmir Carvalho},
  year = {2012}
}


@Misc{ifsudestemg,
  howpublished = {\url{http://sistemas.riopomba.ifsudestemg.edu.br/dcc/materiais/1662272077_POO.pdf}},
  note = {Acessado em 15 de Março},
  title = {Conceitos básicos de Programação Orientada a Objetos},
  author = {Fernanda Farinelli},
  year = {2007}
}

@Book{livro_java_Guia_do_Programador,
  title = {P. de JAVA: Guia do Programador.},
  edition = {1º},
  author = {Peter Jandl Junior},
  year = {2007},
  publisher={Novatec},
}


@Book{metodoliga_qualitativas_na_sociologia,  
  title = {Metodologias qualitativas na Sociologia},
  edition = {5º},
  address = {Petrópolis},
  author = {Teresa Maria Frota Haguette},
  year = {1997},
  publisher={Vozes},
}

@Book{livro_intro_a_prog_orientada_objetos_usando_java,  
  title = {Introdução à Programação Orientada a Objetos usando Java},
  edition = {3º},
  address = {Rio de Janeiro},
  author = {Rafael Santos},
  year = {2003},
  publisher={Campus},
}

@Book{livro_apache_tomcat_7,  
  title = {Apache Tomcat 7},
  edition = {1º},
  address = {Nova York},
  author = {Aleksa Vukotic and James Goodwill},
  year = {2011},
  publisher={Apress},
}

@Book{livro_postgres_doulgas,
	title = {PostgreSQL},
	subtitle = {A comprehensive guide to building, programming, and administering PostgreSQL databases},
	edition = {1º},
	address = {EUA},
	author = {Korry Douglas and Susan Douglas},
	year = {2003},
	publisher = {Sams Publishing}
}


@Misc{aula_joelma_26_03_15,
	title = {TCC I},
	address = {Pouso Alegre: Univás. Notas de Aula 26 de março},
	author = {Joelma de Faria},
	year = {2015}
}


@Book{livro_introd_sistemas_bd,
	title = {Introdução a sistemas de banco de dados},
	edition = {8º},
	address = {São Paulo},
	author = {C. J. Date},
	year = {2004},
	publisher = {Campus}
}


@Book{oracle_database_sql,
	title = {Oracle Database 11g SQL},
	subtitle = {Domine SQL e PL/SQL no banco de dados Oracle},
	edition = {1º},
	address = {Porto Alegre},
	author = {Jason Price},
	year = {2008},
	publisher = {bookman}
}

@Book{livro_laudon_sistemas_de_informacoes_gerenciais,
  title = {Sistemas de informação gerenciais.},
  edition = {7º},
  author = {Kennetch C Laudon and Jane   P. Laudon},
  year = {2009},
  publisher={Pearson},
}

@Book{livro_ags_ricardo_linden,
  title = {Algoritmos genéticos},
  edition = {1º},
  address = {Rio de Janeiro},
  author = {Ricardo Linden},
  year = {2012},
  publisher={Ciência Moderna},
}

@Book{livro_genetic_algorithm_goldberg,
  title = {Genetic Algorithms in search optimization and machine learning },
  edition = {1º},
  address = {New York},
  author = {David E. Goldberg},
  year = {1989},
  publisher={Addison-Wesley publishing company,inc.},
}

@Book{livro_java_complete_references,
  title = {The complete reference Java},
  edition = {7º},
  address = {Nova York},
  author = {Herbert Schildt},
  year = {2007},
  publisher={MC Graw Hill Osborne},
}

@Book{livro_introduction_ag_melaine_mitchell,
  title = {An introduction to genetic algorithms},
  edition = {1º},
  address = {London},
  author = {Mitchell Melanie},
  year = {1999},
  publisher={Massachusetts Institute of Technology},
}

@Book{artificial_intelligence,
  title = {Artificial   Intelligence: Structures and Strategies for Complex Problem Solving.},
  edition = {2º},
  author = {G.F. Luger  and W. A. Stubblefield},
  year = {1993},
  publisher={Palo Alto},
}

@Book{nocoes_geriais_anita_fernandes,
  title = {Inteligência Artificial: Noções Gerais.},
  author = {Anita M. Da R. Fernandes},
  year = {2003},
  publisher={Visual Books},
}

@Book{pesquisa_social_gil,
  title = {Métodos e técnicas de pesquisa social.},
  author = {Antônio Carlos Gil},
  year = {1999},
  address = {São Paulo},
  publisher = {Atlas},
}

@Book{engenharia_de_software_sommerville,
  title = {Engenharia de software.},
  author = {I. Sommerville},
  edition = {8º},
  year = {2007},
  address = {São Paulo},
  publisher = {Pearson},
}

@article{aguiar_e_rocha,
  title={Práticas Universitárias e a Formação Sócio­política},
  author={K. F. Aguiar and M. L. Rocha},
  journal={Anuário do Laboratório de Subjetividade e Política},
  volume={3/4},
  year={1997},
  pages = {87--102}
}

@article{ags_java_magazine,
  title={Algoritmos Genéticos em Java, conceitos e aplicação.},
  author={Leadro Luque and Rodrigo Silva},
  journal={Java Magazine},
  address = {Rio de Janeiro},
  volume={82},
  year={2010},
  pages = {44--55}
}

@Book{ecocentro,
  title = {Horta nas Escolas},
  author = {Lumiar Ramos and Roberto and Andre and Wanderval},
  year = {2011},
  pages =	 {123--124}
}

@Misc{mec_fatima,
  howpublished = {\url{http://portal.mec.gov.br/index.php?view=article&id=18527}},
  note = {Acessado em 10/05/2013},
  title = {Horta escolar estimula troca de experiências no Espírito Santo},
  author = {Fátima Schenini},
  year = {2013}
}

%  url = {\url{http://nupeat.iesa.ufg.br/uploads/52/original\_29\_Horta\_na\_escola.pdf}},
@Misc{ufg,
  title = {Projeto Horta Escola: Ações de educação ambiental na escola 
Centro Promocional Todos os Santos de Goiânia (GO)},
  author = {José Calisto Pimenta and Keila da Silva Maciel Rodrigues},
  year = {2011}
}

@Misc{brasilescola,
  howpublished = {\url{http://educador.brasilescola.com/estrategias-ensino/construindo-uma-horta-na-escola.htm}},
  note = {Acessado em 10/05/2013},
  title = {Construindo uma horta na escola},
  author = {Paula Louredo},
  year = {2012}
}

@InProceedings{michell_rogerio,
  author = 	 {Michell Pedruzzi Mendes ARAÚJO and Rogério DRAGO},
  title = 	 {Projeto Horta: A mediação escolar promovendo hábitos alimentares saudáveis},
  year = 	 {2011},
  number = 	 {6},
  coverage = {Vila Velha; ES},
  booktitle = {Revista FACEVV},
  ISSN = 	 {1984-9133},
  pages =	 {123--139}
}

@article{fetter2006silva,
  title={Horta Escolar: Teoria e Prática para uma vida saudável},
  author={Isabel Fetter and J Müller},
  journal={Revista Brasielira de Agroecologia},
  volume={1},
  coverage = {Parobé; RS},
  year={2006}
}

@Misc{willian_maria,
  howpublished = {\url{http://www.ufpel.edu.br/enpos/2012/anais/pdf/CB/CB_00354.pdf}},
  title = {A HORTA ESCOLAR COMO ESTRATÉGIA INTERDISCIPLINAR DE 
EDUCAÇÃO AMBIENTAL E ALIMENTAR},
  author = {WILLIAM JAMES DOMINGUES AZARIO and MARIA DE FÁTIMA DUARTE MARTINS},
  institution = {Universidade Federal de Pelotas/Faculdade de Educação},
  year = {2012}
}

@InProceedings{revista_patio_8a11,
  author = 	 {Lenira Haddad and Maria da Graça Souza Horn},
  title = 	 {Mais do que um lugar para gastar energia},
  year = 	 {2013},
  number = 	 {34},
  booktitle = {Revista Pátio - Educação Infantil},
  pages =	 {8--11}
}

@Article{revista_patio_pedagoria_ar_livre,
  author = 	 {Janaína Fontoura Caobelli},
  title = 	 {A importância da uma pedagogia ao ar livre},
  year = 	 {2013},
  number = 	 {34},
  journal = {Revista Pátio - Educação Infantil},
  pages =	 {34--35}
}

@Misc{maria_ines,
  howpublished = {\url{www.sme.pmmc.com.br/arquivos/ambiental/horta.doc}},
  title = {PROJETO HORTA ESCOLAR},
  author = {Maria Inês Soares Costa Neves},
  institution = {Prefeitura Municipal de Mogi das Cruzes Secretaria Municipal de Educação},
  note = {Acessado em 10/05/2013},
  year = {2006}
}

@book{vygotsky2003psicologia,
  title={Psicologia pedagógica},
  author={Lev Semenovich Vygotsky and Claudia Schilling},
  isbn={9788536300474},
  year={2003},
  publisher={Artmed}
}

@book{gadotti2003boniteza,
  title={Boniteza de um sonho: ensinar-e-aprender com sentido},
  author={Gadotti, Moacir},
  year={2003},
  publisher={Feevale}
}

@book{correa2003plantas,
  title={Plantas medicinais: do cultivo {\`a} terap{\^e}utica: cont{\'e}m formula{\c{c}}{\~a}o e modo de preparo de cosm{\'e}ticos; Plants medicinal: of the cultivation to the therapeutic: formulation and cosmetics preparation way},
  author={Corr{\^e}a, Anderson Domingues and Batista, Rodrigo Siqueira and Quintas, Luis Eduardo M},
  year={2003},
  publisher={Vozes}
}

@book{alves1995quarto,
  title={O quarto do mist{\'e}rio},
  author={Alves, R.A.},
  year={1995},
  publisher={Papirus, Speculum}
}

@Book{livro_metodos_de_pesquisa,
  title = {Métodos de Pesquisa.},
  author = {Tatiana Engel Gerhardt and Denise Tolfo Silveira},
  edition = {1º},
  year = {2009},
  address = {Porto Alegre},
  publisher = {UFRGS},
}

@book{pressman2011engenharia,
  title={Engenharia de Software},
  author={Pressman, R.S.},
  isbn={9788580550443},
  url={http://books.google.com.br/books?id=y0rH9wuXe68C},
  year={2011},
  publisher={McGraw Hill Brasil}
}

@Book{livro_metodologia_de_estudo_de_pesquisa,
  title = {Metodologia de Estudo e de Pesquisa em Administração.},
  author = {Liane Carly Hermes Zanella},
  edition = {1º},
  year = {2009},
  address = {Florianópolis},
  publisher = {CAPES},
}

@inproceedings{santos2007seleccao,
  title={Sele{\c{c}}{\~a}o de atributos usando algoritmos gen{\'e}ticos para classifica{\c{c}}{\~a}o de regi{\~o}es},
  author={Santos, Joelma Carla and Oliveira, JRF and Dutra, Luciano Vieira and Santa'Ana, SJS and Renn{\'o}, Camilo Daleles},
  booktitle={XIII Simposio Brasileiro de Sensoriamento Remoto, Florian{\'o}polis, Brasil. INPE-Instituto Nacional de Pesquisas Espaciais},
  pages={6143--6150},
  year={2007}
}

@inproceedings{teste_doutorado_manzoni,
	title={DESENVOLVIMENTO DE UM SISTEMA COMPUTACIONAL ORIENTADO A OBJETOS PARA SISTEMAS ELÉTRICOS DE POTÊNCIA: APLICAÇÃO A SIMULAÇÃO RÁPIDA E ANÁLISE DA ESTABILIDADE DE TENSÃO},
	author={Alessandro Manzoni},
	year={2005}
}

@phdthesis{silva2001otimizaccao,
  title={Otimiza{\c{c}}{\~a}o de estruturas de concreto armado utilizando algoritmos gen{\'e}ticos.},
  author={Silva, Elivaldo Elenildo da},
  year={2001},
  school={Universidade de S{\~a}o Paulo}
}

@article{freitas2007ferramenta,
  title={Uma ferramenta baseada em algoritmos gen{\'e}ticos para a gera{\c{c}}{\~a}o de tabela de hor{\'a}rio escolar},
  author={Freitas, Cherze C and Guimar{\~a}es, Priscilla RB and Neto, Manoel CM and Barboza, Frederico JR},
  journal={S{\'E}TIMA ESCOLA REGIONAL DE COMPUTA{\c{C}}{\~A}O Bahia-Sergipe. Vit{\'o}ria da Conquista:[sn]},
  year={2007}
}


%  url = {\url{http://nupeat.iesa.ufg.br/uploads/52/original\_29\_Horta\_na\_escola.pdf}},



%bibliografias no formato bibtex




@Book{livro_programacao_java_para_web,  
  title = {Programação Java para Web},
  edition = {1º},
  address = {São Paulo},
  author = {Décio Heinzelmann Lucknow and Alexamdre Altair de Melo},
  year = {2010},
  publisher={Novatec},
}




